@InProceedings{led17,
author = {Ledig, Christian and Theis, Lucas and Huszar, Ferenc and Caballero, Jose and Cunningham, Andrew and Acosta, Alejandro and Aitken, Andrew and Tejani, Alykhan and Totz, Johannes and Wang, Zehan and Shi, Wenzhe},
title = {Photo-Realistic Single Image Super-Resolution Using a Generative Adversarial Network},
booktitle = {Proceedings of the IEEE Conference on Computer Vision and Pattern Recognition (CVPR)},
month = {July},
year = {2017}
}

@ARTICLE{bao21,  author={Bao, Wenbo and Lai, Wei-Sheng and Zhang, Xiaoyun and Gao, Zhiyong and Yang, Ming-Hsuan},  journal={IEEE Transactions on Pattern Analysis and Machine Intelligence},   title={MEMC-Net: Motion Estimation and Motion Compensation Driven Neural Network for Video Interpolation and Enhancement},   year={2021},  volume={43},  number={3},  pages={933-948},  doi={10.1109/TPAMI.2019.2941941}}

@article{hej91,
title={The SOLAFS time-scale modification algorithm},
author={Hejna, Don and Musicus, Bruce R},
journal={Bolt, Beranek and Newman (BBN) Technical Report},
year={1991}
}

@article{eri90,
title = {Pitch-synchronous waveform processing techniques for text-to-speech synthesis using diphones},
journal = {Speech Communication},
volume = {9},
number = {5},
pages = {453-467},
year = {1990},
note = {Neuropeech '89},
issn = {0167-6393},
doi = {https://doi.org/10.1016/0167-6393(90)90021-Z},
url = {https://www.sciencedirect.com/science/article/pii/016763939090021Z},
author = {Eric Moulines and Francis Charpentier},
keywords = {Text-to-speech synthesis, voice quality, pitch-synchronous overlap-aid (PSOLA)},
abstract = {We review in a common framework several algorithms that have been proposed recently, in order to improve the voice quality of a text-to-speech synthesis based on acoustical units concatenation (Charpentier and Moulines, 1988; Moulines and Charpentier, 1988; Hamon et al., 1989). These algorithms rely on a pitch-synchronous overlap-add (PSOLA) approach for modifying the speech prosody and concatenating speech waveforms. The modifications of the speech signal are performed either in the frequency domain (FD-PSOLA), using the Fast Fourier Transform, or directly in the time domain (TD-PSOLA), depending on the length of the window used in the synthesis process. The frequency domain approach is capable of a great flexibility in modifying the spectral characteristics of the speech signal, while the time domain approach provides very efficient solutions for the real time implementation of synthesis systems. We also discuss the different kinds of distortions involved in these different algorithms.
Zusammenfassung
Wir behandeln unter gemeinsamer Überschrift verschiedene Algorithmen, die in den letzten Jahren zur Verbesserung der Sprachqualität von Sprachvollsynthesesystemen vorgeschlagen wurden, die auf dem Prinzip der Verkettung akustischer Einheiten basieren. Kernstück dieser Algorithmen ist ein Verfahren der grundperiodensynchronen überlappenden Addition (PSOLA) zur Modifikation der Sprachprosodie und zur Verkettung von Sprachsignalsegmenten. Die Modifikationen des Sprachsignals erfolgen entweder im Frequenzbereich (FD-PSOLA), - hierbei wird die schnelle Fourier Transformation verwendet - oder direkt im Zeitbereich (TD-PSOLA), dies hängt von der Länge des jeweiligen Fensters ab, das bei der Synthese verwendet wird. Das Verfahren im Frequenzbereich erweist sich als besonders flexibel bei der Modifikation spektraler Eigenschaftern des Sprachsignals, während das Verfahren im Zeitbereich sehr effiziente Lösungen für die Echtzeitimplementierung von Sprachsynthesesystemen bereitstellt. Wir diskutieren ebenfalls die verschiedenen Arten von Verzerrungen, die durch diese Algorithmen verursacht werden.
Résumé
Nous présentons différents algorithmes de génération du signal qui améliorent de façon significative la qualité sonore de systèmes de synthèse de parole à partir du texte par concaténation d'unités acoustiques (Moulines et Charpentier, 1988; Hamon et al., 1989). Ces algorithmes qui permettent de modifier les paramètres prosodiques et de concaténer les unités acoustiques sont fondés sur le principe de l'addition-recouvrement synchrone de la fréquence fondamentale de formes d'onde élémentaires (PSOLA). Les modifications du signal de parole sont réalisées soit dans le domaine fréquentiel (FD-PSOLA), soit directement dans le domaine temporel (TD-PSOLA), suivant la résolution spectrale et temporelle de la fenêtre utilisée lors du processus de synthèse. L'approche fréquentielle, plus complexe d'un point de vue algorithmique, permet de modifier avec une grande souplesse les caractéristiques spectrales du signal de parole. L'approche temporelle, d'une grande simplicité, est bien adaptée pour développer des systèmes de synthèse en temps réel. Nous discutons les différentes catégories de distorsions entraînées par ces algorithmes.}
}

@INPROCEEDINGS{ver93, 
author={Verhelst, W. and Roelands, M.},  
booktitle={1993 IEEE International Conference on Acoustics, Speech, and Signal Processing},   
title={An overlap-add technique based on waveform similarity (WSOLA) for high quality time-scale modification of speech},
year={1993},  
volume={2},  
number={},  
pages={554-557 vol.2},  
doi={10.1109/ICASSP.1993.319366}
}

@ARTICLE{lar99,
author={Laroche, J. and Dolson, M.},
journal={IEEE Transactions on Speech and Audio Processing},
title={Improved phase vocoder time-scale modification of audio},
year={1999},
volume={7},
number={3},
pages={323-332},
doi={10.1109/89.759041}
}

@article{fla66,
author = {Flanagan, J. L. and Golden, R. M.},
title = {Phase Vocoder},
journal = {Bell System Technical Journal},
volume = {45},
number = {9},
pages = {1493-1509},
doi = {https://doi.org/10.1002/j.1538-7305.1966.tb01706.x},
url = {https://onlinelibrary.wiley.com/doi/abs/10.1002/j.1538-7305.1966.tb01706.x},
eprint = {https://onlinelibrary.wiley.com/doi/pdf/10.1002/j.1538-7305.1966.tb01706.x},
abstract = {Avocoder technique is described in which speech signals are represented by their short-time phase and amplitude spectra. A complete transmission system utilizing this approach is simulated on a digital computer. The encoding method leads to an economy in transmission bandwidth and to a means for time compression and expansion of speech signals.},
year = {1966}
}

@inproceedings{kra12,
  title={Improved PVSOLA time-stretching and pitch-shifting for polyphonic audio},
  author={Kraft, Sebastian and Holters, Martin and von dem Knesebeck, Adrian and Z{\"o}lzer, Udo},
  booktitle={Proceedings of the International Conference on Digital Audio Effects (DAFx), York, UK},
  pages={17--21},
  year={2012}
}

@inproceedings{moi11,
  title={PVSOLA: A phase vocoder with synchronized overlap-add},
  author={Moinet, Alexis and Dutoit, Thierry},
  booktitle={Proc. of the 14th Int. Conference on Digital Audio Effects (DAFx-11), Paris, France},
  year={2011}
}

@conference{nag09,
		title = {A Novel Transient Handling Scheme for Time Stretching Algorithms},
		author = {Nagel, Frederik and Walther, Andreas},
		booktitle = {Audio Engineering Society Convention 127},
		month = {Oct},
		year = {2009},
		url = {http://www.aes.org/e-lib/browse.cfm?elib=15121}
		}

@article{kra91,
author = {Kramer, Mark A.},
title = {Nonlinear principal component analysis using autoassociative neural networks},
journal = {AIChE Journal},
volume = {37},
number = {2},
pages = {233-243},
doi = {https://doi.org/10.1002/aic.690370209},
url = {https://aiche.onlinelibrary.wiley.com/doi/abs/10.1002/aic.690370209},
eprint = {https://aiche.onlinelibrary.wiley.com/doi/pdf/10.1002/aic.690370209},
abstract = {Abstract Nonlinear principal component analysis is a novel technique for multivariate data analysis, similar to the well-known method of principal component analysis. NLPCA, like PCA, is used to identify and remove correlations among problem variables as an aid to dimensionality reduction, visualization, and exploratory data analysis. While PCA identifies only linear correlations between variables, NLPCA uncovers both linear and nonlinear correlations, without restriction on the character of the nonlinearities present in the data. NLPCA operates by training a feedforward neural network to perform the identity mapping, where the network inputs are reproduced at the output layer. The network contains an internal “bottleneck” layer (containing fewer nodes than input or output layers), which forces the network to develop a compact representation of the input data, and two additional hidden layers. The NLPCA method is demonstrated using time-dependent, simulated batch reaction data. Results show that NLPCA successfully reduces dimensionality and produces a feature space map resembling the actual distribution of the underlying system parameters.},
year = {1991}
}

@article{goo14,
  title={Generative adversarial nets},
  author={Goodfellow, Ian and Pouget-Abadie, Jean and Mirza, Mehdi and Xu, Bing and Warde-Farley, David and Ozair, Sherjil and Courville, Aaron and Bengio, Yoshua},
  journal={Advances in neural information processing systems},
  volume={27},
  year={2014}
}

@book{ess86,
  title={Elements of Statistical Analysis},
  author={Essenwanger, O.M.},
  isbn={9780444424266},
  series={General climatology},
  url={https://books.google.com.tw/books?id=P6Y4vgAACAAJ},
  year={1986},
  publisher={Elsevier}
}

